@article{senarath2021waterfall,
  title={Waterfall methodology, prototyping and agile development},
  author={Senarath, Udesh S},
  journal={Tech. Rep.},
  pages={1--16},
  year={2021},
  url={https://doi.org/10.13140/RG.2.2.17918.72001}
}

@misc{infineon2024unternehmenspraesentation,
  author       = {Infineon Technologies AG},
  title        = {Unternehmenspräsentation},
  howpublished = {\url{https://www.infineon.com/dgdl/FY2024_Q3_web_DE.pdf?fileId=5546d4617782987a017786db82cd0006}},
  year         = {2024},
  note         = {Accessed: 2024-11-13},
}

@online{infineon2024regensburg,
  author    = {Infineon Technologies AG},
  title     = {Infineon Technologies Regensburg},
  url       = {https://www.infineon.com/cms/regensburg/de/},
  note      = {Accessed: 2024-11-13}
}


@book{lienig2023halbleitertechnologie,
  title={Grundlagen des Layoutentwurfs elektronischer Schaltungen},
  author={Lienig, Jens and Scheible, J{\"u}rgen},
  year={2023},
  publisher={Springer},
  url={https://doi.org/10.1007/978-3-031-15768-4_2}
}

@online{infineon2024dünnsterWafer,
  author    = {Infineon Technologies AG},
  title     = {Infineon stellt dünnsten Silizium-Power-Wafer der Welt vor – Technologischer Meilenstein für mehr Energieeffizienz},
  url       = {https://www.infineon.com/cms/de/about-infineon/press/press-releases/2024/INFXX202410-013.html},
  year      = {2024},
  note      = {Accessed: 2024-11-19}
}

@misc{REALISWikiIntern,
  title = {REALIS Wiki},
  note = {Nicht veröffentlicht, interne Quelle}
}

@misc{RPTLaborIntern,
  title = {RPT-Labor Regensburg, Video-Share},
  note = {Nicht veröffentlicht, interne Quelle}
}

@misc{scrumguide2020,
  author = {Ken Schwaber and Jeff Sutherland},
  title = {The Scrum Guide: The Definitive Guide to Scrum: The Rules of the Game},
  year = {2020},
  month = {11},
  note = {Available: \url{https://scrumguides.org/docs/scrumguide/v2020/2020-Scrum-Guide-US.pdf}, Accessed: 2024-12-15},
}
